<record><leader>00000cas a22000001a 4500</leader><controlfield tag="001">33157789</controlfield><controlfield tag="007">hd afb---baca</controlfield><controlfield tag="007">hd bfb---baaa</controlfield><controlfield tag="008">950920d19351939hiuwr nea     0    0eng  </controlfield><datafield ind1=" " ind2=" " tag="010"><subfield code="a">sn 94094775 </subfield></datafield><datafield ind1=" " ind2=" " tag="040"><subfield code="a">DLC</subfield><subfield code="b">eng</subfield><subfield code="c">RQM</subfield><subfield code="d">DLC</subfield><subfield code="d">OCLCQ</subfield><subfield code="d">OCLCF</subfield><subfield code="d">OCLCO</subfield></datafield><datafield ind1=" " ind2=" " tag="012"><subfield code="i">9509</subfield></datafield><datafield ind1="1" ind2=" " tag="029"><subfield code="a">AU@</subfield><subfield code="b">000011998015</subfield></datafield><datafield ind1="0" ind2=" " tag="041"><subfield code="a">engjpn</subfield></datafield><datafield ind1=" " ind2=" " tag="042"><subfield code="a">msc</subfield></datafield><datafield ind1="0" ind2="0" tag="050"><subfield code="a">Microfilm 01778</subfield></datafield><datafield ind1=" " ind2=" " tag="090"><subfield code="a">HD4802</subfield><subfield code="b">.V64</subfield></datafield><datafield ind1="0" ind2=" " tag="130"><subfield code="a">Voice of labor (Honolulu, Hawaii)</subfield></datafield><datafield ind1="0" ind2="4" tag="245"><subfield code="a">The Voice of labor</subfield><subfield code="h">[microform].</subfield></datafield><datafield ind1="3" ind2="1" tag="246"><subfield code="a">Ro&#772;do&#772;sha no koe</subfield></datafield><datafield ind1=" " ind2=" " tag="260"><subfield code="a">Honolulu, Oahu, T.H. :</subfield><subfield code="b">[s.n.],</subfield><subfield code="c">1935-1939.</subfield></datafield><datafield ind1=" " ind2=" " tag="300"><subfield code="a">4 v. :</subfield><subfield code="b">ill. ;</subfield><subfield code="c">33-48 cm.</subfield></datafield><datafield ind1=" " ind2=" " tag="310"><subfield code="a">Weekly</subfield></datafield><datafield ind1="0" ind2=" " tag="362"><subfield code="a">Nov. 4, 1935-v. 4, no. 27 (July 6, 1939).</subfield></datafield><datafield ind1=" " ind2=" " tag="500"><subfield code="a">Japanese section has added masthead title in Japanese: Ro&#772;do&#772;sha no koe.</subfield></datafield><datafield ind1=" " ind2=" " tag="500"><subfield code="a">"Hawaii's only working-class newspaper."</subfield></datafield><datafield ind1=" " ind2=" " tag="500"><subfield code="a">Editors: 1935-Feb. 1937, Sept. 1937-Jan. 1938, C. Paxton; Apr. 1938-1939, J. Hall.</subfield></datafield><datafield ind1=" " ind2=" " tag="546"><subfield code="a">In English; with section in Japanese, Nov.-Dec. 1938.</subfield></datafield><datafield ind1=" " ind2=" " tag="533"><subfield code="a">Microfilm.</subfield><subfield code="m">Nov. 4,1935-July 6,1939.</subfield><subfield code="b">Washington, D.C. :</subfield><subfield code="c">Library of Congress Preservation Microfilming Program :</subfield><subfield code="c">Available from Library of Congress Photoduplication Service.</subfield><subfield code="e">microfilm reels ; 35 mm.</subfield></datafield><datafield ind1=" " ind2="0" tag="651"><subfield code="a">Hawaii</subfield><subfield code="v">Newspapers.</subfield></datafield><datafield ind1=" " ind2="0" tag="650"><subfield code="a">Labor unions</subfield><subfield code="z">Hawaii</subfield><subfield code="v">Newspapers.</subfield></datafield><datafield ind1=" " ind2="7" tag="655"><subfield code="a">Newspapers.</subfield><subfield code="2">fast</subfield><subfield code="0">(OCoLC)fst01423814</subfield></datafield><datafield ind1=" " ind2="7" tag="650"><subfield code="a">Labor unions.</subfield><subfield code="2">fast</subfield><subfield code="0">(OCoLC)fst00990260</subfield></datafield><datafield ind1=" " ind2="7" tag="651"><subfield code="a">Hawaii.</subfield><subfield code="2">fast</subfield><subfield code="0">(OCoLC)fst01208724</subfield></datafield><datafield ind1="1" ind2=" " tag="700"><subfield code="a">Paxton, Corby.</subfield></datafield><datafield ind1="1" ind2=" " tag="700"><subfield code="a">Hall, Jack.</subfield></datafield><datafield ind1=" " ind2=" " tag="752"><subfield code="a">United States</subfield><subfield code="b">Hawaii</subfield><subfield code="c">Honolulu</subfield><subfield code="d">Honolulu.</subfield></datafield><datafield ind1="1" ind2=" " tag="776"><subfield code="c">Original</subfield><subfield code="w">(DLC)sn 85047195</subfield></datafield><datafield ind1=" " ind2=" " tag="850"><subfield code="a">DLC</subfield><subfield code="a">DLC (master)</subfield></datafield></record>